<record><leader>00000cas a22000007a 4500</leader><controlfield tag="001">25023101</controlfield><controlfield tag="008">911227d190619uuohuwr ne      0    0eng d</controlfield><datafield ind1=" " ind2=" " tag="010"><subfield code="a">sn 91075640 </subfield></datafield><datafield ind1=" " ind2=" " tag="040"><subfield code="a">ONP</subfield><subfield code="b">eng</subfield><subfield code="c">ONP</subfield><subfield code="d">OCLCQ</subfield></datafield><datafield ind1=" " ind2=" " tag="042"><subfield code="a">msc</subfield></datafield><datafield ind1="0" ind2=" " tag="130"><subfield code="a">News gazette (Reynoldsburg, Ohio)</subfield></datafield><datafield ind1="1" ind2="4" tag="245"><subfield code="a">The News gazette.</subfield></datafield><datafield ind1=" " ind2=" " tag="260"><subfield code="a">Reynoldsburg, Ohio :</subfield><subfield code="b">News Gazette Pub. Co.</subfield></datafield><datafield ind1=" " ind2=" " tag="300"><subfield code="a">v.</subfield></datafield><datafield ind1=" " ind2=" " tag="310"><subfield code="a">Weekly</subfield></datafield><datafield ind1="1" ind2=" " tag="362"><subfield code="a">Began with Nov. 8, 1906 issue.</subfield></datafield><datafield ind1=" " ind2=" " tag="500"><subfield code="a">This is the same newspaper as the "Times (Canal Winchester, Ohio)" only masthead is different.</subfield></datafield><datafield ind1=" " ind2=" " tag="588"><subfield code="a">Description based on: Vol. 6, no. 1 (Jan. 2, 1913).</subfield></datafield><datafield ind1=" " ind2="4" tag="651"><subfield code="a">Reynoldsburg (Ohio)</subfield><subfield code="v">Newspapers.</subfield></datafield><datafield ind1=" " ind2="4" tag="651"><subfield code="a">Franklin County (Ohio)</subfield><subfield code="v">Newspapers.</subfield></datafield><datafield ind1=" " ind2=" " tag="752"><subfield code="a">United States</subfield><subfield code="b">Ohio</subfield><subfield code="c">Franklin</subfield><subfield code="d">Reynoldsburg.</subfield></datafield><datafield ind1="1" ind2=" " tag="029"><subfield code="a">AU@</subfield><subfield code="b">000025877384</subfield></datafield></record>